<?xml version="1.0" encoding="utf-8"?>
<record xmlns="http://www.loc.gov/MARC21/slim" xmlns:xsi="http://www.w3.org/2001/XMLSchema-instance" xsi:schemaLocation="http://www.loc.gov/MARC21/slim http://www.loc.gov/standards/marcxml/schema/MARC21slim.xsd">
	<leader>     nam a22     Mi 4500</leader>
	<controlfield tag="001">b12495736</controlfield>
	<controlfield tag="003">LeBAU</controlfield>
	<controlfield tag="006">m        d        </controlfield>
	<controlfield tag="007">cr cn |||m|||a</controlfield>
	<controlfield tag="008">200327s1954    ua ac   o     ||0 0 ara d</controlfield>
	<datafield ind1=" " ind2=" " tag="040">
		<subfield code="a">ZYU</subfield>
		<subfield code="b">ara</subfield>
		<subfield code="e">rda</subfield>
		<subfield code="c">ZYU</subfield>
	</datafield>
	<datafield ind1="1" ind2=" " tag="041">
		<subfield code="a">ara</subfield>
		<subfield code="h">eng</subfield>
	</datafield>
	<datafield ind1="0" ind2="4" tag="082">
		<subfield code="a">629.13</subfield>
		<subfield code="2">22</subfield>
	</datafield>
	<datafield ind1="1" ind2=" " tag="100">
		<subfield code="6">880-01</subfield>
		<subfield code="a">Lindbergh, Charles A.</subfield>
		<subfield code="q">(Charles Augustus),</subfield>
		<subfield code="d">1902-1974,</subfield>
		<subfield code="e">author.</subfield>
	</datafield>
	<datafield ind1="1" ind2="0" tag="240">
		<subfield code="a">Spirit of St. Louis.</subfield>
		<subfield code="l">Arabic</subfield>
	</datafield>
	<datafield ind1="1" ind2="0" tag="245">
		<subfield code="6">880-02</subfield>
		<subfield code="a">Qāhir al-muḥīṭ :</subfield>
		<subfield code="b">mudhakkirāt Lindbirj /</subfield>
		<subfield code="c">taʼlīf Tshārlz Lindbirj ; tarjamat jamāʻah min aṣdiqāʼ Muʼassasat Frānklin ; rājaʻahu Duktūr Aḥmad Fuʼād al-Ahwānī ; maʻa muqaddimah li-qāʼid al-asrāb ʻAbd al-Laṭīf Baghdādī, ʻuḍw Majlis Qiyādat al-Thawrah wa-wazīr al-difāʻ. Wa-maqāl ʻan qiṣṣat al-ṭayarān fī Miṣr / bi-qalam al-Ustādh Kamāl Najīb.</subfield>
	</datafield>
	<datafield ind1=" " ind2="1" tag="264">
		<subfield code="6">880-03</subfield>
		<subfield code="a">al-Qāhirah :</subfield>
		<subfield code="b">Maṭābiʻ Dār Akhbār al-Yawm,</subfield>
		<subfield code="c">1954.</subfield>
	</datafield>
	<datafield ind1=" " ind2=" " tag="300">
		<subfield code="6">880-04</subfield>
		<subfield code="a">online resource (192 pages) :</subfield>
		<subfield code="b">illustrations, portraits</subfield>
	</datafield>
	<datafield ind1=" " ind2=" " tag="336">
		<subfield code="a">text</subfield>
		<subfield code="2">rdacontent</subfield>
	</datafield>
	<datafield ind1=" " ind2=" " tag="337">
		<subfield code="a">computer</subfield>
		<subfield code="2">rdamedia</subfield>
	</datafield>
	<datafield ind1=" " ind2=" " tag="338">
		<subfield code="a">online resource</subfield>
		<subfield code="2">rdacarrier</subfield>
	</datafield>
	<datafield ind1=" " ind2=" " tag="500">
		<subfield code="a">Part of the Arabic Collections Online (ACO) project, contributed by American University of Beirut's Jafet Memorial Library.</subfield>
	</datafield>
	<datafield ind1=" " ind2=" " tag="533">
		<subfield code="a">Electronic reproduction.</subfield>
		<subfield code="b">New York, N.Y. :</subfield>
		<subfield code="c">New York University,</subfield>
		<subfield code="d">2020.</subfield>
		<subfield code="5">NNU</subfield>
	</datafield>
	<datafield ind1="1" ind2="0" tag="600">
		<subfield code="6">880-05</subfield>
		<subfield code="a">Lindbergh, Charles A.</subfield>
		<subfield code="q">(Charles Augustus),</subfield>
		<subfield code="d">1902-1974</subfield>
		<subfield code="v">Diaries.</subfield>
	</datafield>
	<datafield ind1=" " ind2="0" tag="650">
		<subfield code="6">880-06</subfield>
		<subfield code="a">Air pilots</subfield>
		<subfield code="z">United States</subfield>
		<subfield code="v">Biography.</subfield>
	</datafield>
	<datafield ind1=" " ind2="0" tag="650">
		<subfield code="6">880-07</subfield>
		<subfield code="a">Transatlantic flights.</subfield>
	</datafield>
	<datafield ind1="1" ind2=" " tag="700">
		<subfield code="6">880-08</subfield>
		<subfield code="a">Ahwānī, Aḥmad Fuʼād,</subfield>
		<subfield code="d">-1970,</subfield>
		<subfield code="e">reviewer.</subfield>
	</datafield>
	<datafield ind1="1" ind2=" " tag="700">
		<subfield code="6">880-09</subfield>
		<subfield code="a">Baghdādī, ʻAbd al-Laṭīf,</subfield>
		<subfield code="e">author of introduction, etc.</subfield>
	</datafield>
	<datafield ind1="1" ind2="2" tag="700">
		<subfield code="6">880-10</subfield>
		<subfield code="a">Najīb, Kamāl.</subfield>
		<subfield code="t">Qiṣṣat al-ṭayarān fī Miṣr.</subfield>
	</datafield>
	<datafield ind1="2" ind2=" " tag="710">
		<subfield code="a">Jafet Memorial Library.</subfield>
	</datafield>
	<datafield ind1="0" ind2=" " tag="730">
		<subfield code="a">Arabic Collections Online.</subfield>
	</datafield>
	<datafield ind1="0" ind2="8" tag="765">
		<subfield code="6">880-11</subfield>
		<subfield code="i">is translation of</subfield>
		<subfield code="4">http://rdaregistry.info/Elements/e/P20141 :</subfield>
		<subfield code="a">Lindbergh, Charles A. (Charles Augustus), 1902-1974.</subfield>
		<subfield code="t">The Spirit of St. Louis.</subfield>
		<subfield code="d">New York : Scribner, 1953</subfield>
		<subfield code="w">(OCoLC)00573440</subfield>
		<subfield code="w">(OCoLC)00573440</subfield>
	</datafield>
	<datafield ind1="0" ind2="8" tag="776">
		<subfield code="i">Print version:</subfield>
		<subfield code="a">Lindbergh, Charles A. (Charles Augustus), 1902-1974, author.</subfield>
		<subfield code="t">Qāhir al-muḥīṭ</subfield>
		<subfield code="w">(LeBAU)b12495736</subfield>
	</datafield>
	<datafield ind1="4" ind2="0" tag="856">
		<subfield code="u">http://hdl.handle.net/2333.1/rn8pk99m</subfield>
	</datafield>
	<datafield ind1="1" ind2=" " tag="880">
		<subfield code="6">100-01</subfield>
		<subfield code="a">لندبرغ، تشارلز أ.</subfield>
		<subfield code="q">(تشارلز أغسطس)،</subfield>
		<subfield code="d">1902-1974،</subfield>
		<subfield code="e">مؤلف.</subfield>
		<subfield code="4">aut.</subfield>
	</datafield>
	<datafield ind1="1" ind2="0" tag="880">
		<subfield code="6">245-02</subfield>
		<subfield code="a">قاهر المحيط :</subfield>
		<subfield code="b">مذكرات الطيار لندبرغ /</subfield>
		<subfield code="c">تأليف تشارلز لندبرغ ؛ ترجمة جماعة من أصدقاء مؤسسة فرانكلين ؛ راجعه دكتور أحمد فؤاد الأهواني ؛ مع مقدمة لقائد الأسراب عبد اللطيف بغدادي، عضو مجلس قيادة الثورة ووزير الدفاع. ومقال عن قصة الطيران في مصر / بقلم الأستاذ كمال نجيب.</subfield>
	</datafield>
	<datafield ind1=" " ind2="1" tag="880">
		<subfield code="6">264-03</subfield>
		<subfield code="a">القاهرة :</subfield>
		<subfield code="b">مطابع دار اخبار اليوم،</subfield>
		<subfield code="c">1954.</subfield>
	</datafield>
	<datafield ind1=" " ind2=" " tag="880">
		<subfield code="6">300-04</subfield>
		<subfield code="a">192 صفحة :</subfield>
		<subfield code="b">مصورات، صور شخصانية ؛</subfield>
		<subfield code="c">21 سم</subfield>
	</datafield>
	<datafield ind1="1" ind2="4" tag="880">
		<subfield code="6">600-05</subfield>
		<subfield code="a">لندبرغ، تشارلز أ.</subfield>
		<subfield code="q">(تشارلز أغسطس)،</subfield>
		<subfield code="d">1902-1974</subfield>
		<subfield code="v">مذكرات.</subfield>
	</datafield>
	<datafield ind1=" " ind2="4" tag="880">
		<subfield code="6">650-06</subfield>
		<subfield code="a">الملاحون</subfield>
		<subfield code="z">الولايات المتحدة</subfield>
		<subfield code="v">تراجم.</subfield>
	</datafield>
	<datafield ind1=" " ind2="0" tag="880">
		<subfield code="6">650-07</subfield>
		<subfield code="a">رحلات عبر الأطلسي.</subfield>
	</datafield>
	<datafield ind1="1" ind2=" " tag="880">
		<subfield code="6">700-08</subfield>
		<subfield code="a">الاهواني، احمد فؤاد،</subfield>
		<subfield code="d">-1970،</subfield>
		<subfield code="e">مراجع.</subfield>
		<subfield code="4">rev.</subfield>
	</datafield>
	<datafield ind1="1" ind2=" " tag="880">
		<subfield code="6">700-09</subfield>
		<subfield code="a">البغدادي، عبد اللطيف،</subfield>
		<subfield code="e">مؤلف مقدمة.</subfield>
		<subfield code="4">aui.</subfield>
	</datafield>
	<datafield ind1="1" ind2="2" tag="880">
		<subfield code="6">700-10</subfield>
		<subfield code="a">نجيب، كمال.</subfield>
		<subfield code="t">قصة الطيران في مصر.</subfield>
	</datafield>
	<datafield ind1="0" ind2="8" tag="880">
		<subfield code="6">765-11</subfield>
		<subfield code="i">ترجمة</subfield>
		<subfield code="4">http://rdaregistry.info/Elements/e/P20141 :</subfield>
		<subfield code="a">Lindbergh, Charles A. (Charles Augustus), 1902-1974.</subfield>
		<subfield code="t">The Spirit of St. Louis.</subfield>
		<subfield code="d">New York : Scribner, 1953</subfield>
		<subfield code="w">(LEAUB)b11081909</subfield>
		<subfield code="w">(OCoLC)00573440</subfield>
	</datafield>
	<datafield ind1=" " ind2=" " tag="959">
		<subfield code="a">NNU</subfield>
		<subfield code="b">WEB</subfield>
		<subfield code="c">GENI</subfield>
		<subfield code="t">0</subfield>
		<subfield code="m">Electronic access</subfield>
		<subfield code="s">01</subfield>
	</datafield>
	<datafield ind1=" " ind2=" " tag="999">
		<subfield code="i">LeBAU_b12495736</subfield>
		<subfield code="s">aub_aco003614:</subfield>
		<subfield code="e">(ERROR-880)(ERROR-MISC)</subfield>
		<subfield code="s">aub_aco003614:</subfield>
	</datafield>
</record>
